<?xml version="1.0" encoding="UTF-8"?><collection xmlns="http://www.loc.gov/MARC21/slim"><record><leader>00529nam--2200181-i-4500</leader><controlfield tag="001">000006433</controlfield><controlfield tag="002">20161230</controlfield><controlfield tag="005">20161230201026</controlfield><controlfield tag="008">060222s1000------------r-----000-0-eng-d</controlfield><datafield ind1=" " ind2=" " tag="040"><subfield code="a">IFIN-HH</subfield></datafield><datafield ind1=" " ind2=" " tag="080"><subfield code="a">523</subfield></datafield><datafield ind1="1" ind2=" " tag="100"><subfield code="a">Goldberg, L</subfield></datafield><datafield ind1="1" ind2="0" tag="245"><subfield code="a">Annual review of astronomy and astrophysics</subfield><subfield code="b">Volume 1 1963</subfield><subfield code="c">Leo goldberg, armin j. deutsch, david layzer (eds.)</subfield></datafield><datafield ind1=" " ind2=" " tag="260"><subfield code="a">Palo Alto</subfield><subfield code="b">Annual Reviews, Inc</subfield><subfield code="c">1963</subfield></datafield><datafield ind1=" " ind2=" " tag="300"><subfield code="a">VII + 418 P</subfield></datafield><datafield ind1="1" ind2=" " tag="700"><subfield code="a">Layser, David</subfield><subfield code="e">Ed</subfield></datafield><datafield ind1=" " ind2=" " tag="852"><subfield code="a">19087</subfield><subfield code="c">523</subfield></datafield><datafield ind1=" " ind2=" " tag="CAT"><subfield code="a">Sys</subfield><subfield code="c">20130828</subfield><subfield code="h">150418</subfield></datafield></record></collection>